
@book{MultimethodResearch,
author={Brewer,J. and Hunter,A.},
title={Multimethod research: A synthesis of styles},
publisher={Sage Publications},
address={Thousand Oaks, California},
edition={2},
pages={216}, 
year={2006}

}

@incollection{DynamicCharacters,
author={Darren Yeow},
title={Thumbs, Silhouettes & special brushes },
booktitle={Dynamic Characters: Enhancing your Character Concepts},
publisher={3DTotal.com EBook series},
pages={4-11},
year={2010}
}

@article{ConceptOfOriginality,
author={Clarke, G. and Lunt, I.},
year={2014},
month={10},
pages={},
title={The concept of 'originality' in the Ph.D.: How is it interpreted by examiners?},
journal={Assessment and Evaluation in Higher Education},
volume={39},
publisher={Taylor & Francis (Routledge)},
Doi={10.1080/02602938.2013.870970}
}
@article{OriginallyPlagiarism,
author={Paul, H.},
year={1896},
month={4},
pages={},
title={The Decay of Classical Quotation},
journal={The Nineteenth Century},
volume={39},
publisher={Sampson, Low, Marston and Company}
}

@book{RealityIsBroken,
author={McGonigal, J.},
title={Reality is Broken},
publisher={Vintage Books},
address={Great Britain},
pages={396},
year={2012}
}

@book{TheGrasshopper,
author={Suits, B.},
title={The Grasshopper: Games Life and Utopia},
publisher={Broadview press},
address={Canada},
pages={174},
year={2005}
}

@book{AmbiguityOfPlay,
author={Sutton-Smith, B.},
title={The Ambiguity Of Play},
publisher={Harward University press},
address={Cambridge, Massachusetts, London, England},
pages={275},
year={2001}
}

@book{GamificationFieldbook,
author={Kapp, K.M. , Blair, L. and Mesch, R.},
title={The Gamification Of Learning And Instruction Fieldbook: Ideas into Practice},
publisher={Wiley},
address={United States of America},
pages={441},
year={2014}
}

@book{ProjectManagement,
author={Aakre, J. and Scharning, H.S.},
title={Projecthåndboka: Verktøykasse for kreative team},
publisher={Universitetsforlaget},
address={Oslo},
edition={3.0},
pages={439},
year={2016}
}

@book{HalfReal,
author ={Juul, J.},
title={Half-Real; Video Games between Real Rules and Fictional Worlds},
publisher ={The MIT Press},
address={Camrbridge, Massachusetts London, England},
pages={233},
year={2005}
}

@book{TheArtOfFailure,
author={Juul, J.},
title={The Art Of Failure: An Essay on the Pain of Playing Video Games},
publisher={The MIT Press},
address={Camrbridge, Massachusetts London, England},
pages={157},
year={2013}
}

@book{GameFeel,
author={Swink, S.},
title={Game Feel; A Game Designers Guide To Virtual Sensation},
publisher={Morgan Kaufmann Publishers},
address={United States of America},
pages={358},
year={2009}
}

@book{TheInfiniteGame,
author={Sinek, S.},
title={The Infinite Game},
publisher={Portofolio/Penguin},
address={Birmingham, UK},
pages={333},
year={2019}
}

@book{BuildingAnRPG,
author={Santello, S. and Stagner, A.R.},
title={Building and RPG with Unreal 4x},
publisher={Packt Publisher},
address={United States of America},
pages={251},
year={2016}
}

@online{depressionwebsite,
title= "Overview Depression",
author={{Oxford University Press}},
year={2020},
url = "https://www.oxfordreference.com/view/10.1093/oi/authority.20110908081434803"

}

@movie{BreakFastClub,
title={The Breakfast Club},
producer={{Channel Productions}},
director={Hughes, J.},
year={1985},
publisher={{Universial Pictures, A&M Films}}
}

@movie{HighSchoolMusical,
title={High Musical},
producer={{First Street Films} and {Salty Productions}},
director={Ortega, K.},
year={2006},
publisher={{Buena Vista Television}}
}

@movie{TotallySpies,
title={Totally Spies!},
producer={{Marathon Media} and {Image Entertainment Corporation}},
director={Berry, S. and Jadin, P.},
year={2001},
publisher={{Marathon Media, Zodiak Media}}
}

@movie{FlapJack,
title={The Marvelous Misadventures of Flapjack},
producer={{Cartoon Network Studios} and {Screen Novelties}},
director={Orman Van, T. },
year={2008},
publisher={{Warner Bros. Television Distribution}}
}

@online{Cliques,
title={12 Categories of High School Cliques, Identified},
author={Clark, C.},
Year={2019},
url= "https://www.metroparent.com/daily/parenting/tweens-teens/categories-of-high-school-cliques-identified/"
}

@misc{PaperMario,
address ={Japan},
author ={{Nintendo} and {Intelligent System}},
howpublished={Game[Nintendo 64]},
publisher={Nintendo},
title={Paper Mario},
year={2000}
}

@misc{SouthPark1,
address ={USA},
author ={{Ubisoft} and {South Park Digital Studios}},
howpublished={Game[PlayStation3], [Xbox360] and [Microsoft Windows]},
publisher={{Obsidian Entertainment}},
title={South Park: Stick of Truth},
year={2014}
}

@misc{SouthPark2,
address ={USA},
author ={{Ubisoft} and {South Park Digital Studios}},
howpublished={Game[PlayStation4], [Xbox One], [Microsoft Windows] and [Nintendo Switch]},
publisher={{Obsidian Entertainment}},
title={South Park: Fractured But Whole},
year={2017}
}

@misc{DarkestDungeon,
address ={Canada},
author ={{Red Hook Studio}},
howpublished={Game[OS X] and [Microsoft Windows]},
publisher={{Red Hook Studio} and {Merge Games}},
title={Darkest Dungeon},
year={2017}
}

@misc{LegendOfBumbo,
address ={USA},
author ={{Edmund McMillmen} and {James Interactive}},
howpublished={Game[OS X], [Microsoft Windows] and [NintendoSwitch]},
publisher={{Edmund McMillmen}},
title={The Legend of Bum-bo},
year={2019}
}

@misc{YoshisCraftedWorld,
address ={Japan},
author ={{Nintendo} and {Good-Feel}},
howpublished={Game[Nintendo Switch]},
publisher={{Nintendo}},
title={Yoshi's Crafted World},
year={2019}
}

@misc{Pokemon,
address ={Japan},
author ={{GameFreak}},
howpublished={Game[Nintendo DS]},
publisher={{The Pokemon Company} and {Nintendo}},
title={Pokemon SoulSilver},
year={2009}
}

@misc{Wow,
address ={Japan},
author ={{Blizzard Entertainment}},
howpublished={Game[Windows] and [Macinthos]},
publisher={{Vivendi Universal}},
title={War of WarCraft},
year={2004}
}

@misc{FinalFVII,
address ={Japan},
author ={{Square}},
howpublished={Game[Playstation]},
publisher={{Sony Computer Entertainment}},
title={Final Fantasy VII},
year={1997}
}



%
%@online{Konjugasjon,
%	title={Konjugasjon},
%   author={Biovitenskap, U. I. f.},
%    year={2018},
%    url={ https://www.mn.uio.no/ibv/tjenester/kunnskap/plantefys/leksikon/k/konjugasjon.html}
%} 




%@article{CurrentOpinionInMicrobiology,
%author={Petrova, O. E. and Sauer, K.},
%year={2016},
%pages={67-78},
%title={Escaping the biofilm in more than one way: desorption, detachment or dispersion},
%volume={30},
%journal = {Current opinion in microbiology}
%}
